<?xml version="1.0" encoding="UTF-8" ?>
<record Numero="14006879" format="InterXMarc_Complet" type="Authority">
<leader>00640c1 au22000272  45  <Pos Code="0004">00640</Pos>
<Pos Code="05" Sens="notice modifiée">c</Pos>
<Pos Code="06" Sens="notice validée en catalogage courant">1</Pos>
<Pos Code="08" Sens="notice d&apos;autorité">a</Pos>
<Pos Code="09" Sens="titre uniforme musical (TUM)">u</Pos>
<Pos Code="10">2</Pos>
<Pos Code="11">2</Pos>
<Pos Code="1216">00027</Pos>
<Pos Code="17" Sens="autres cas">2</Pos>
<Pos Code="20">4</Pos>
<Pos Code="21">5</Pos>
</leader>
<controlfield tag="001">FRBNF14006879X<Pos Code="0001">FR</Pos>
<Pos Code="0204">BNF</Pos>
<Pos Code="0512">14006879</Pos>
<Pos Code="13">X</Pos>
</controlfield>
<controlfield tag="008">971024070509yy    uu        1989                             1   <Pos Code="0001">97</Pos>
<Pos Code="0203">10</Pos>
<Pos Code="0405">24</Pos>
<Pos Code="0607">07</Pos>
<Pos Code="0809">05</Pos>
<Pos Code="1011">09</Pos>
<Pos Code="1213" Sens="ne s&apos;applique pas">yy</Pos>
<Pos Code="1820">uu </Pos>
<Pos Code="2831">1989</Pos>
<Pos Code="61" Sens="La vedette peut être liée à une notice bibliographique sauf pour l&apos;accès matière RAMEAU">1</Pos>
</controlfield>
<datafield tag="048" ind1=" " ind2=" ">
	<subfield code="a">oa01<Pos Code="0001" Sens="orchestre - orchestre symphonique XIXe-XXe s.">oa</Pos>
<Pos Code="02">0</Pos>
<Pos Code="03">1</Pos>
</subfield>
</datafield>
<datafield tag="100" ind1=" " ind2=" ">
	<subfield code="3">13897441</subfield>
	<subfield code="w"> 0  b     </subfield>
	<subfield code="a">Messiaen</subfield>
	<subfield code="m">Olivier</subfield>
	<subfield code="d">1908-1992</subfield>
</datafield>
<datafield tag="144" ind1="1" ind2=" ">
	<subfield code="w">....b.fre.</subfield>
	<subfield code="a" Barre="3">Un sourire</subfield>
	<subfield code="e">musique pour orchestre</subfield>
</datafield>
<datafield tag="600" ind1=" " ind2=" ">
	<subfield code="a">Dédicace à Marek Janowski</subfield>
	<subfield code="a">Date de composition : 1989</subfield>
	<subfield code="a">Éd. : Paris : Leduc</subfield>
</datafield>
<datafield tag="610" ind1=" " ind2=" ">
	<subfield code="a">Grove music online</subfield>
	<subfield code="u">http://www.grovemusic.com</subfield>
	<subfield code="d">2007-04-20</subfield>
</datafield>
<datafield tag="610" ind1=" " ind2=" ">
	<subfield code="a">Turangalîla-symphonie ; Un sourire [Enregistrement sonore] / Olivier Messiaen, comp. RCA Victor Red Seal 9026615202</subfield>
</datafield>
<datafield tag="612" ind1=" " ind2=" ">
	<subfield code="a">Ircam</subfield>
	<subfield code="u">http://brahms.ircam.fr</subfield>
	<subfield code="d">2007-04-20</subfield>
</datafield>
<datafield tag="917" ind1=" " ind2=" ">
	<subfield code="o">OPC</subfield>
	<subfield code="a">101449760</subfield>
</datafield>
<datafield tag="917" ind1=" " ind2=" ">
	<subfield code="o">OPD</subfield>
	<subfield code="a">100155800</subfield>
	<subfield code="b">ATUM</subfield>
</datafield>
<datafield tag="996" ind1=" " ind2=" ">
	<subfield code="o">OPP</subfield>
	<subfield code="a">14792719</subfield>
	<subfield code="d">20061004</subfield>
</datafield>
<Attr Nom="IDPerenne">ark:/12148/cb14006879n</Attr>
<Attr Nom="NumSource">OPC 101449760</Attr>
<Attr Nom="Source" Sens="BnF catalogue général (depuis 1999)">A</Attr>
<Attr Nom="NumAutoriteLiee">13897441</Attr>
<Attr Nom="DateCreation">24/10/ 1997</Attr>
<Attr Nom="ResponsableCreation">MIGV2</Attr>
<Attr Nom="StructCreation">1</Attr>
<Attr Nom="DateDerniereValidation">08/11/ 2010</Attr>
<Attr Nom="ResponsableDerniereValidation">MIGV4</Attr>
<Attr Nom="StructPremiereValidation">1</Attr>
<Attr Nom="DatePremiereValidation">24/10/ 1997</Attr>
<Attr Nom="ResponsablePremiereValidation">MIGV2</Attr>
<Attr Nom="StructDerniereValidation">1</Attr>
<Attr Nom="NumSource" Rep="1">OPD 100155800</Attr>
<Attr Nom="NumSource" Rep="2">OPP 14792719</Attr>
</record>
